@software{gotemplates, title={html/template}, url={https://pkg.go.dev/html/template}, author={The Go Authors}, date={2024-05-07}, version={go1.22.3}}

@software{react, author={Meta and community}, title={React}, url={https://react.dev/}, date={2022-06-14}, version={18.2.0}}

@software{playwright, author={Microsoft}, title={Playwright}, url={https://playwright.dev/}, date={2024-03-02}, version={1.42.1}}

@online{slides, author={Helge Pfeiffer}, title={Session 6 slides.md}, urldate={2024-05-16}, url={https://github.com/itu-devops/lecture_notes/blob/master/sessions/session_06/Slides.md}}

@online{slides9, author={Mircea Lungu}, title={Session 9 slides.md}, urldate={2024-05-16}, url={https://github.com/itu-devops/lecture_notes/blob/master/sessions/session_09/Slides.md}}

@online{swarm, author={Docker docs}, title={Swarm mode key concepts}, urldate={2024-05-16}, url={https://docs.docker.com/engine/swarm/key-concepts/}}

@online{terraform, author={Mircea Lungu}, title={Session 12 IaC.pdf}, urldate={2024-05-17}, url={https://github.com/itu-devops/lecture_notes/blob/master/sessions/session_12/IaC.pdf}}

@software{
    gorm,
    author={Jinzhu},
    title={GORM},
    url={https://gorm.io/index.html},
    date={2024-05-17},
    version={1.25.7}
}

@software{
    gorilla,
    author={Gorilla},
    title={Gorilla web toolkit},
    url={https://gorilla.github.io/},
    date={2024-05-17}
}

@software{
    staticcheck,
    author={Dominik Honnef},
    title={Staticcheck},
    url={https://staticcheck.dev/contact/},
    date={2024-05-21}
}

@software{
    dbmigration,
    author={Ben11},
    title={Database migration release},
    url={https://github.com/DevOps-Ben11/minitwit/releases/tag/v3.2.11}
}

@software{
    reacttrans,
    author={Ben11},
    title={Transition to react release},
    url={https://github.com/DevOps-Ben11/minitwit/releases/tag/v5.0.0}
}

@software{
    gotrans,
    author={Ben11},
    title={Transition from Python to go release},
    url={https://github.com/DevOps-Ben11/minitwit/releases/tag/v2.0.0}
}

@software{
    gofoldertrans,
    author={Ben11},
    title={Transition from Go file to Go folder organization release},
    url={https://github.com/DevOps-Ben11/minitwit/releases/tag/v3.0.0}
}

@software{
    issue38,
    author={Ben11},
    title={Issue \#38},
    url={https://github.com/DevOps-Ben11/minitwit/issues/38}
}

@software{
    issue36,
    author={Ben11},
    title={Issue \#36},
    url={https://github.com/DevOps-Ben11/minitwit/issues/36}
}

@software{
    swarmtrans,
    author={Ben11},
    title={Transition to docker swarm},
    url={https://github.com/DevOps-Ben11/minitwit/releases/tag/v5.0.5}
}
